<collection xmlns="http://www.loc.gov/MARC21/slim">
<record>
  <leader>00772nam0a22001811i 450 </leader>
  <controlfield tag="001">IT\ICCU\CNCE\077546</controlfield>
  <controlfield tag="005">20120903000000.0</controlfield>
  <datafield tag="012" ind1=" " ind2=" ">
    <subfield code="a">tete lolo sese sepe (C) 1520 (R)</subfield>
    <subfield code="2">fei</subfield>
  </datafield>
  <datafield tag="100" ind1=" " ind2=" ">
    <subfield code="a">20120822d1520        0itac0103    ba</subfield>
  </datafield>
  <datafield tag="101" ind1=" " ind2=" ">
    <subfield code="a">ITA</subfield>
  </datafield>
  <datafield tag="102" ind1=" " ind2=" ">
    <subfield code="a">IT</subfield>
  </datafield>
  <datafield tag="200" ind1="1" ind2=" ">
    <subfield code="a">℗Le ℗horrende bataglie de romani in ottaua rima contra infideli e como Dio mando a Flouo  il stendardo de oro e fiamma opera noua noua non mai piu stampata</subfield>
  </datafield>
  <datafield tag="210" ind1=" " ind2=" ">
    <subfield code="e">Stampata in Venetia</subfield>
    <subfield code="g">per Nicolo Zopino e Vincentio compagno</subfield>
    <subfield code="h">1520 adi XII de octobrio</subfield>
  </datafield>
  <datafield tag="215" ind1=" " ind2=" ">
    <subfield code="a">\96! c.</subfield>
    <subfield code="d">8ʻ</subfield>
  </datafield>
  <datafield tag="620" ind1=" " ind2=" ">
    <subfield code="a">IT</subfield>
    <subfield code="d">Venezia</subfield>
  </datafield>
  <datafield tag="712" ind1="0" ind2="0">
    <subfield code="a">Zoppino, Niccol ̣&amp; Vincenzo di Paolo</subfield>
    <subfield code="3">IT\ICCU\CNCT\000070</subfield>
    <subfield code="4">650</subfield>
  </datafield>
  <datafield tag="791" ind1="0" ind2="2">
    <subfield code="a">Vincenzo di Paolo</subfield>
    <subfield code="3">IT\ICCU\CNCT\000071</subfield>
    <subfield code="z">Zoppino, Niccol ̣&amp; Vincenzo di Paolo</subfield>
  </datafield>
  <datafield tag="801" ind1=" " ind2="3">
    <subfield code="a">IT</subfield>
    <subfield code="b">ICCU</subfield>
    <subfield code="c">20201115</subfield>
  </datafield>
</record>
</collection>
